<record><leader>00000cas a22000007a 4500</leader><controlfield tag="001">16643297</controlfield><controlfield tag="008">870904d19351965pauwr ne      0    0eng d</controlfield><datafield ind1=" " ind2=" " tag="010"><subfield code="a">sn 87078511 </subfield></datafield><datafield ind1=" " ind2=" " tag="040"><subfield code="a">NPH</subfield><subfield code="b">eng</subfield><subfield code="c">NPH</subfield><subfield code="d">OCLCQ</subfield></datafield><datafield ind1=" " ind2=" " tag="042"><subfield code="a">msc</subfield></datafield><datafield ind1="0" ind2="0" tag="245"><subfield code="a">Twin borough weekly advertiser.</subfield></datafield><datafield ind1=" " ind2=" " tag="260"><subfield code="a">Royersford, Pa. :</subfield><subfield code="b">L.E. Johnson,</subfield><subfield code="c">1935-1965.</subfield></datafield><datafield ind1=" " ind2=" " tag="300"><subfield code="a">v.</subfield></datafield><datafield ind1=" " ind2=" " tag="310"><subfield code="a">Weekly</subfield></datafield><datafield ind1="0" ind2=" " tag="362"><subfield code="a">Vol. 46, no. 2339 (Mar. 1, 1935)- ; -75th yr., no. 3904 (Feb. 11, 1965).</subfield></datafield><datafield ind1=" " ind2=" " tag="752"><subfield code="a">United States</subfield><subfield code="b">Pennsylvania</subfield><subfield code="c">Montgomery</subfield><subfield code="d">Royersford.</subfield></datafield><datafield ind1="0" ind2="0" tag="780"><subfield code="t">Weekly advertiser (Royersford, Pa. : 1890)</subfield><subfield code="w">(DLC)sn 87078512</subfield></datafield><datafield ind1="0" ind2="0" tag="785"><subfield code="t">Weekly advertiser (Royersford, Pa. : 1965)</subfield><subfield code="w">(OCoLC)16651888</subfield></datafield></record>